70700000      010216701716000156                    00001 000001111111 6CLIENTE TESTE IMPORTACAO VAN  BANCO DAYCOVAL                          22004202019340900000000000000                                                                     
70700011C2041010 216701716000156                    00001 000001111111 6CLIENTE TESTE IMPORTACAO VAN                                          Rua Tteste                    001010 Andar        Sao Paulo           01001000SP                  
7070001300001A00000023702635 000000001257 2           TESTE DE FORNECEDOR0000000000hjNPrr95DQ21042020REA000000000000000000000000001500                    21042020679220000046628                    00000022850998285800  00005     0          
7070001300002B   222850998285800AV JOAO DIAS A                00395               Centro         TESTE DE ENDER      95345000RS                                                                                                  0      00000000
7070001300003A00000023702635 000000001257 2           TESTE DE FORNECEDOR0000000000GpHJbgpOKD21042020REA000000000000000000000000001500                    21042020338600000046628                    00000022850998285800  00005     0          
7070001300004B   222850998285800AV JOAO DIAS A                00395               Centro         TESTE DE ENDER      95345000RS                                                                                                  0      00000000
7070001300005A00000023702635 000000001257 2           TESTE DE FORNECEDOR0000000000CTwLD8OcsZ21042020REA000000000000000000000000001500                    21042020654680000046628                    00000022850998285800  00005     0          
7070001300006B   222850998285800AV JOAO DIAS A                00395               Centro         TESTE DE ENDER      95345000RS                                                                                                  0      00000000
7070001300007A00000023702635 000000001257 2           TESTE DE FORNECEDOR0000000000WxdPAUKCVq21042020REA000000000000000000000000001500                    21042020594500000046628                    00000022850998285800  00005     0          
7070001300008B   222850998285800AV JOAO DIAS A                00395               Centro         TESTE DE ENDER      95345000RS                                                                                                  0      00000000
7070001300009A00000023702635 000000001257 2           TESTE DE FORNECEDOR0000000000c7NlUpxL5a21042020REA000000000000000000000000001500                    21042020745630000046628                    00000022850998285800  00005     0          
7070001300010B   222850998285800AV JOAO DIAS A                00395               Centro         TESTE DE ENDER      95345000RS                                                                                                  0      00000000
7070001300011A00000023702635 000000001257 2           TESTE DE FORNECEDOR00000000002zH7m5GgNp21042020REA000000000000000000000000001500                    21042020177600000046628                    00000022850998285800  00005     0          
7070001300012B   222850998285800AV JOAO DIAS A                00395               Centro         TESTE DE ENDER      95345000RS                                                                                                  0      00000000
7070001300013A00000023702635 000000001257 2           TESTE DE FORNECEDOR0000000000J6fmZFAezu21042020REA000000000000000000000000001500                    21042020486350000046628                    00000022850998285800  00005     0          
7070001300014B   222850998285800AV JOAO DIAS A                00395               Centro         TESTE DE ENDER      95345000RS                                                                                                  0      00000000
7070001300015A00000023702635 000000001257 2           TESTE DE FORNECEDOR0000000000wVM4mnqyQb21042020REA000000000000000000000000001500                    21042020094850000046628                    00000022850998285800  00005     0          
7070001300016B   222850998285800AV JOAO DIAS A                00395               Centro         TESTE DE ENDER      95345000RS                                                                                                  0      00000000
7070001300017A00000023702635 000000001257 2           TESTE DE FORNECEDOR0000000000e3XTfjiYUq21042020REA000000000000000000000000001500                    21042020653040000046628                    00000022850998285800  00005     0          
7070001300018B   222850998285800AV JOAO DIAS A                00395               Centro         TESTE DE ENDER      95345000RS                                                                                                  0      00000000
7070001300019A00000023702635 000000001257 2           TESTE DE FORNECEDOR00000000001oi6GnTaVE21042020REA000000000000000000000000001500                    21042020352130000046628                    00000022850998285800  00005     0          
7070001300020B   222850998285800AV JOAO DIAS A                00395               Centro         TESTE DE ENDER      95345000RS                                                                                                  0      00000000
7070001300021A00000023702635 000000001257 2           TESTE DE FORNECEDOR0000000000233axxbnmS21042020REA000000000000000000000000001500                    21042020993620000046628                    00000022850998285800  00005     0          
7070001300022B   222850998285800AV JOAO DIAS A                00395               Centro         TESTE DE ENDER      95345000RS                                                                                                  0      00000000
7070001300023A00000023702635 000000001257 2           TESTE DE FORNECEDOR00000000004C4cyikXAQ21042020REA000000000000000000000000001500                    21042020590240000046628                    00000022850998285800  00005     0          
7070001300024B   222850998285800AV JOAO DIAS A                00395               Centro         TESTE DE ENDER      95345000RS                                                                                                  0      00000000
7070001300025A00000023702635 000000001257 2           TESTE DE FORNECEDOR0000000000dHQx37lzqX21042020REA000000000000000000000000001500                    21042020131920000046628                    00000022850998285800  00005     0          
7070001300026B   222850998285800                              00000                                                  00000000                                                                                                    0      62232889
7070001300027A00000023702635 000000001257 2           TESTE DE FORNECEDOR000000000096ezG1DjhD21042020REA000000000000000000000000001500                    21042020402360000046628                    00000022850998285800  00005     0          
7070001300028B   222850998285800AV JOAO DIAS A                00395               Centro         TESTE DE ENDER      95345000RS                                                                                                  0      00000000
7070001300029A00000023702635 000000001257 2           TESTE DE FORNECEDOR0000000000xp7s5HIyQv21042020REA000000000000000000000000001500                    21042020525140000046628                    00000022850998285800  00005     0          
7070001300030B   222850998285800AV JOAO DIAS A                00395               Centro         TESTE DE ENDER      95345000RS                                                                                                  0      00000000
7070001300031A00000023702635 000000001257 2           TESTE DE FORNECEDOR0000000000PDSlvc7fLg21042020REA000000000000000000000000001500                    21042020554610000046628                    00000022850998285800  00005     0          
7070001300032B   222850998285800AV JOAO DIAS A                00999               Centro         TESTE DE ENDER      95345000RS                                                                                                  0      00000000
7070001300033A00000023702635 000000001257 2           TESTE DE FORNECEDOR0000000000vsTKuPj0Nw21042020REA000000000000000000000000001500                    21042020473000000046628                    00000022850998285800  00005     0          
7070001300034B   222850998285800AV JOAO DIAS A                00999               Centro         TESTE DE ENDER      95345000RS                                                                                                  0      00000000
7070001300035A00000023702635 000000001257 2           TESTE DE FORNECEDOR0000000000kgVFura1Ld21042020REA000000000000000000000000001500                    21042020697550000046628                    00000022850998285800  00005     0          
7070001300036B   222850998285800AV JOAO DIAS A                00999               Centro         TESTE DE ENDER      95345000RS                                                                                                  0      00000000
7070001300037A00000023702635 000000001257 2           TESTE DE FORNECEDOR0000000000MGPpngXmdV21042020REA000000000000000000000000001500                    21042020009930000046628                    00000022850998285800  00005     0          
7070001300038B   222850998285800AV JOAO DIAS A                00999               Centro         TESTE DE ENDER      95345000RS                                                                                                  0      00000000
7070001300039A00000023702635 000000001257 2           TESTE DE FORNECEDOR0000000000iIu2kKcA3a21042020REA000000000000000000000000001500                    21042020651120000046628                    00000022850998285800  00005     0          
7070001300040B   222850998285800AV JOAO DIAS A                00999               Centro         TESTE DE ENDER      95345000RS                                                                                                  0      00000000
70700015         000042000000000000030000000000000000000000                                                                                                                                                                                     
70799999         000001000044                                                                                                                                                                                                                   
