70700000      010210640319000135682403              00001 000000707980 1CLIENTET                      BANCO DAYCOVAL                          108/15/2019 00:00:0008031300000000000000                                                                     
70700011C2041010 210640319000135                    00001 000000707980 1CLIENTET                                                              AV. MARGINAL DIREITA DO TIETE 00500VILA JAGUARA 3 SAO PAULO           05118100SP                  
7070001300001A00000023702635 000000001257 2           TESTE DE FORNECEDOR12345678910000108202019REA0000000000000001566                    082020190000000001679220000046628          00000012345678965448  00005     0          
7070001300002B   212345678965448                              00000                                                  00000000                                                                                                   0      62232889
7070001300003A00000023702635 000000001257 2           TESTE DE FORNECEDOR12345678910000108202019REA0000000000000001566                    082020190000000005338600000046628          00000012345678965448  00005     0          
7070001300004B   212345678965448                              00000                                                  00000000                                                                                                   0      62232889
7070001300005A00000023702635 000000001257 2           TESTE DE FORNECEDOR12345678910000108202019REA0000000000000001566                    082020190000000001654680000046628          00000012345678965448  00005     0          
7070001300006B   212345678965448                              00000                                                  00000000                                                                                                   0      62232889
7070001300007A00000023702635 000000001257 2           TESTE DE FORNECEDOR12345678910000108202019REA0000000000000001566                    082020190000000010594500000046628          00000012345678965448  00005     0          
7070001300008B   212345678965448                              00000                                                  00000000                                                                                                   0      62232889
7070001300009A00000023702635 000000001257 2           TESTE DE FORNECEDOR12345678910000108202019REA0000000000000001566                    082020190000000000745630000046628          00000012345678965448  00005     0          
7070001300010B   212345678965448                              00000                                                  00000000                                                                                                   0      62232889
7070001300011A00000023702635 000000001257 2           TESTE DE FORNECEDOR12345678910000108202019REA0000000000000001566                    082020190000000001177600000046628          00000012345678965448  00005     0          
7070001300012B   212345678965448                              00000                                                  00000000                                                                                                   0      62232889
7070001300013A00000023702635 000000001257 2           TESTE DE FORNECEDOR12345678910000108202019REA0000000000000001566                    082020190000000001486350000046628          00000012345678965448  00005     0          
7070001300014B   212345678965448                              00000                                                  00000000                                                                                                   0      62232889
7070001300015A00000023702635 000000001257 2           TESTE DE FORNECEDOR12345678910000108202019REA0000000000000001566                    082020190000000002094850000046628          00000012345678965448  00005     0          
7070001300016B   212345678965448                              00000                                                  00000000                                                                                                   0      62232889
7070001300017A00000023702635 000000001257 2           TESTE DE FORNECEDOR12345678910000108202019REA0000000000000001566                    082020190000000002653040000046628          00000012345678965448  00005     0          
7070001300018B   212345678965448                              00000                                                  00000000                                                                                                   0      62232889
7070001300019A00000023702635 000000001257 2           TESTE DE FORNECEDOR12345678910000108202019REA0000000000000001566                    082020190000000002352130000046628          00000012345678965448  00005     0          
7070001300020B   212345678965448                              00000                                                  00000000                                                                                                   0      62232889
7070001300021A00000023702635 000000001257 2           TESTE DE FORNECEDOR12345678910000108202019REA0000000000000001566                    082020190000000002993620000046628          00000012345678965448  00005     0          
7070001300022B   212345678965448                              00000                                                  00000000                                                                                                   0      62232889
7070001300023A00000023702635 000000001257 2           TESTE DE FORNECEDOR12345678910000108202019REA0000000000000001566                    082020190000000003590240000046628          00000012345678965448  00005     0          
7070001300024B   212345678965448                              00000                                                  00000000                                                                                                   0      62232889
7070001300025A00000023702635 000000001257 2           TESTE DE FORNECEDOR12345678910000108202019REA0000000000000001566                    082020190000000005131920000046628          00000012345678965448  00005     0          
7070001300026B   212345678965448                              00000                                                  00000000                                                                                                    0      62232889
7070001300027A00000023702635 000000001257 2           TESTE DE FORNECEDOR12345678910000108202019REA0000000000000001566                    082020190000000005402360000046628          00000012345678965448  00005     0          
7070001300028B   212345678965448                              00000                                                  00000000                                                                                                   0      62232889
7070001300029A00000023702635 000000001257 2           TESTE DE FORNECEDOR12345678910000108202019REA0000000000000001566                    082020190000000006525140000046628          00000012345678965448  00005     0          
7070001300030B   212345678965448                              00000                                                  00000000                                                                                                   0      62232889
7070001300031A00000023702635 000000001257 2           TESTE DE FORNECEDOR12345678910000108202019REA0000000000000001566                    082020190000000006554610000046628          00000012345678965448  00005     0          
7070001300032B   212345678965448                              00000                                                  00000000                                                                                                   0      62232889
7070001300033A00000023702635 000000001257 2           TESTE DE FORNECEDOR12345678910000108202019REA0000000000000001566                    082020190000000013473000000046628          00000012345678965448  00005     0          
7070001300034B   212345678965448                              00000                                                  00000000                                                                                                   0      62232889
7070001300035A00000023702635 000000001257 2           TESTE DE FORNECEDOR12345678910000108202019REA0000000000000001566                    082020190000000002697550000046628          00000012345678965448  00005     0          
7070001300036B   212345678965448                              00000                                                  00000000                                                                                                    0      62232889
7070001300037A00000023702635 000000001257 2           TESTE DE FORNECEDOR12345678910000108202019REA0000000000000001566                    082020190000000003309930000046628          00000012345678965448  00005     0          
7070001300038B   212345678965448                              00000                                                  00000000                                                                                                    0      62232889
7070001300039A00000023702635 000000001257 2           TESTE DE FORNECEDOR12345678910000108202019REA000000000000000000000000365112                    082020190000000003651120000046628          00000012345678965448  00005     0          
7070001300040B   212345678965448                              00000                                                  00000000                                                                                                    0      62232889
70700015         00004267338000000000000000000                                                                                                                                                                                     
70799999         000001000044                                                                                                                                                                                                                   

