70700000      010210640319000135682403              00001 000000707980 1CLIENTET                      BANCO DAYCOVAL                          110/28/2019 00:00:0008031300000000000000                                                                     
70700011C2041010 210640319000135                    00001 000000707980 1CLIENTET                                                              AV. MARGINAL DIREITA DO TIETE 00500VILA JAGUARA 3 SAO PAULO           05118100SP                  
7070001300001A00000023702635 000000001257 2           TESTE DE FORNECEDOR0000000000FDQiFa4zDh0000111022019REA0000000000000001566                    110220190000000001679220000046628          00000000.848.723/1522-47  00005     0          
7070001300002B   262.292.137/3833-74                              00000                                                  00000000                                                                                                   0      62232889
7070001300003A00000023702635 000000001257 2           TESTE DE FORNECEDOR0000000000IrtTS9Lmwo0000111022019REA0000000000000001566                    110220190000000005338600000046628          00000016.138.074/8415-14  00005     0          
7070001300004B   274.623.782/4142-07                              00000                                                  00000000                                                                                                   0      62232889
7070001300005A00000023702635 000000001257 2           TESTE DE FORNECEDOR0000000000CzIiimiDZK0000111022019REA0000000000000001566                    110220190000000001654680000046628          00000029.767.440/4933-27  00005     0          
7070001300006B   238.799.185/3246-07                              00000                                                  00000000                                                                                                   0      62232889
7070001300007A00000023702635 000000001257 2           TESTE DE FORNECEDOR0000000000fZXqGYgS4C0000111022019REA0000000000000001566                    110220190000000010594500000046628          00000028.311.938/0472-96  00005     0          
7070001300008B   285.911.256/7335-26                              00000                                                  00000000                                                                                                   0      62232889
7070001300009A00000023702635 000000001257 2           TESTE DE FORNECEDOR0000000000hRZKA05QTx0000111022019REA0000000000000001566                    110220190000000000745630000046628          00000089.029.014/5779-29  00005     0          
7070001300010B   244.827.815/5533-93                              00000                                                  00000000                                                                                                   0      62232889
7070001300011A00000023702635 000000001257 2           TESTE DE FORNECEDOR00000000007EddzANVV00000111022019REA0000000000000001566                    110220190000000001177600000046628          00000033.192.312/7969-41  00005     0          
7070001300012B   239.209.431/4376-28                              00000                                                  00000000                                                                                                   0      62232889
7070001300013A00000023702635 000000001257 2           TESTE DE FORNECEDOR0000000000UODtWnSBvX0000111022019REA0000000000000001566                    110220190000000001486350000046628          00000074.939.521/8457-90  00005     0          
7070001300014B   295.541.462/7819-49                              00000                                                  00000000                                                                                                   0      62232889
7070001300015A00000023702635 000000001257 2           TESTE DE FORNECEDOR0000000000Okg5OKNyBA0000111022019REA0000000000000001566                    110220190000000002094850000046628          00000066.423.155/0987-93  00005     0          
7070001300016B   290.994.581/8473-81                              00000                                                  00000000                                                                                                   0      62232889
7070001300017A00000023702635 000000001257 2           TESTE DE FORNECEDOR0000000000w5B8DWXByq0000111022019REA0000000000000001566                    110220190000000002653040000046628          00000023.700.782/8476-84  00005     0          
7070001300018B   285.632.587/5550-84                              00000                                                  00000000                                                                                                   0      62232889
7070001300019A00000023702635 000000001257 2           TESTE DE FORNECEDOR0000000000qyMz4JPcjr0000111022019REA0000000000000001566                    110220190000000002352130000046628          00000066.100.820/0404-67  00005     0          
7070001300020B   298.222.998/4484-76                              00000                                                  00000000                                                                                                   0      62232889
7070001300021A00000023702635 000000001257 2           TESTE DE FORNECEDOR0000000000JhTIrdnc0w0000111022019REA0000000000000001566                    110220190000000002993620000046628          00000093.449.682/2304-43  00005     0          
7070001300022B   255.481.643/7988-05                              00000                                                  00000000                                                                                                   0      62232889
7070001300023A00000023702635 000000001257 2           TESTE DE FORNECEDOR0000000000REJ7SuB8Rn0000111022019REA0000000000000001566                    110220190000000003590240000046628          00000000.098.177/3004-86  00005     0          
7070001300024B   280.056.162/3538-57                              00000                                                  00000000                                                                                                   0      62232889
7070001300025A00000023702635 000000001257 2           TESTE DE FORNECEDOR00000000003RHlEsvEoa0000111022019REA0000000000000001566                    110220190000000005131920000046628          00000072.403.246/7183-00  00005     0          
7070001300026B   238.373.413/6476-94                              00000                                                  00000000                                                                                                    0      62232889
7070001300027A00000023702635 000000001257 2           TESTE DE FORNECEDOR0000000000QISc8huiMp0000111022019REA0000000000000001566                    110220190000000005402360000046628          00000053.763.858/2474-98  00005     0          
7070001300028B   245.810.670/2853-51                              00000                                                  00000000                                                                                                   0      62232889
7070001300029A00000023702635 000000001257 2           TESTE DE FORNECEDOR0000000000qvZsY3xEU90000111022019REA0000000000000001566                    110220190000000006525140000046628          00000001.542.770/6238-78  00005     0          
7070001300030B   200.555.979/9461-49                              00000                                                  00000000                                                                                                   0      62232889
7070001300031A00000023702635 000000001257 2           TESTE DE FORNECEDOR0000000000RXBeCs268m0000111022019REA0000000000000001566                    110220190000000006554610000046628          00000045.222.229/9438-44  00005     0          
7070001300032B   210.484.099/3416-04                              00000                                                  00000000                                                                                                   0      62232889
7070001300033A00000023702635 000000001257 2           TESTE DE FORNECEDOR0000000000oxFrBOvhpT0000111022019REA0000000000000001566                    110220190000000013473000000046628          00000019.595.392/6073-03  00005     0          
7070001300034B   298.312.155/0824-66                              00000                                                  00000000                                                                                                   0      62232889
7070001300035A00000023702635 000000001257 2           TESTE DE FORNECEDOR00000000003uh6k1q7S00000111022019REA0000000000000001566                    110220190000000002697550000046628          00000096.025.321/3874-48  00005     0          
7070001300036B   264.061.656/2662-02                              00000                                                  00000000                                                                                                    0      62232889
7070001300037A00000023702635 000000001257 2           TESTE DE FORNECEDOR0000000000LQSO6P5LTh0000111022019REA0000000000000001566                    110220190000000003309930000046628          00000099.678.142/2447-10  00005     0          
7070001300038B   275.860.835/0758-03                              00000                                                  00000000                                                                                                    0      62232889
7070001300039A00000023702635 000000001257 2           TESTE DE FORNECEDOR0000000000h4nmTnO5iN0000111022019REA000000000000000000000000365112                    110220190000000003651120000046628          00000023.697.279/0162-94  00005     0          
7070001300040B   200.837.046/4584-25                              00000                                                  00000000                                                                                                    0      62232889
70700015         00004267338000000000000000000                                                                                                                                                                                     
70799999         000001000044                                                                                                                                                                                                                   

