70700000      010210640319000135                    00001 000001111111 6CLIENTE TESTE IMPORTACAO VAN  BANCO DAYCOVAL                          22910201919340900000000000000                                                                     
70700011C2041010 210640319000135                    00001 000001111111 6CLIENTE TESTE IMPORTACAO VAN                                          Rua Tteste                    001010 Andar        Sao Paulo           01001000SP                  
7070001300001A00000023702635 000000001257 2           TESTE DE FORNECEDOR0000000000zMF3i1F8zn04112019REA000000000000000000000000001500                    04112019679220000046628                    00000091489071721057  00005     0          
7070001300002B   291489071721057AV JOAO DIAS A                00395               Centro         TESTE DE ENDER      95345000RS                                                                                                  0      00000000
7070001300003A00000023702635 000000001257 2           TESTE DE FORNECEDOR0000000000No1TyBFkpq04112019REA000000000000000000000000001500                    04112019338600000046628                    00000091489071721057  00005     0          
7070001300004B   291489071721057AV JOAO DIAS A                00395               Centro         TESTE DE ENDER      95345000RS                                                                                                  0      00000000
7070001300005A00000023702635 000000001257 2           TESTE DE FORNECEDOR0000000000SvWOLU3pI204112019REA000000000000000000000000001500                    04112019654680000046628                    00000091489071721057  00005     0          
7070001300006B   291489071721057AV JOAO DIAS A                00395               Centro         TESTE DE ENDER      95345000RS                                                                                                  0      00000000
7070001300007A00000023702635 000000001257 2           TESTE DE FORNECEDOR0000000000qvkMaMAfWH04112019REA000000000000000000000000001500                    04112019594500000046628                    00000091489071721057  00005     0          
7070001300008B   291489071721057AV JOAO DIAS A                00395               Centro         TESTE DE ENDER      95345000RS                                                                                                  0      00000000
7070001300009A00000023702635 000000001257 2           TESTE DE FORNECEDOR0000000000phhqTYB2Bx04112019REA000000000000000000000000001500                    04112019745630000046628                    00000091489071721057  00005     0          
7070001300010B   291489071721057AV JOAO DIAS A                00395               Centro         TESTE DE ENDER      95345000RS                                                                                                  0      00000000
7070001300011A00000023702635 000000001257 2           TESTE DE FORNECEDOR0000000000SRiERzta8104112019REA000000000000000000000000001500                    04112019177600000046628                    00000091489071721057  00005     0          
7070001300012B   291489071721057AV JOAO DIAS A                00395               Centro         TESTE DE ENDER      95345000RS                                                                                                  0      00000000
7070001300013A00000023702635 000000001257 2           TESTE DE FORNECEDOR0000000000nqqTjrqOG404112019REA000000000000000000000000001500                    04112019486350000046628                    00000091489071721057  00005     0          
7070001300014B   291489071721057AV JOAO DIAS A                00395               Centro         TESTE DE ENDER      95345000RS                                                                                                  0      00000000
7070001300015A00000023702635 000000001257 2           TESTE DE FORNECEDOR0000000000dXw5PIX0Sp04112019REA000000000000000000000000001500                    04112019094850000046628                    00000091489071721057  00005     0          
7070001300016B   291489071721057AV JOAO DIAS A                00395               Centro         TESTE DE ENDER      95345000RS                                                                                                  0      00000000
7070001300017A00000023702635 000000001257 2           TESTE DE FORNECEDOR0000000000oNcgxGC7rZ04112019REA000000000000000000000000001500                    04112019653040000046628                    00000091489071721057  00005     0          
7070001300018B   291489071721057AV JOAO DIAS A                00395               Centro         TESTE DE ENDER      95345000RS                                                                                                  0      00000000
7070001300019A00000023702635 000000001257 2           TESTE DE FORNECEDOR00000000002nWH3giB5Q04112019REA000000000000000000000000001500                    04112019352130000046628                    00000091489071721057  00005     0          
7070001300020B   291489071721057AV JOAO DIAS A                00395               Centro         TESTE DE ENDER      95345000RS                                                                                                  0      00000000
7070001300021A00000023702635 000000001257 2           TESTE DE FORNECEDOR0000000000oAdIQMpsUF04112019REA000000000000000000000000001500                    04112019993620000046628                    00000091489071721057  00005     0          
7070001300022B   291489071721057AV JOAO DIAS A                00395               Centro         TESTE DE ENDER      95345000RS                                                                                                  0      00000000
7070001300023A00000023702635 000000001257 2           TESTE DE FORNECEDOR0000000000oX38hvtFnx04112019REA000000000000000000000000001500                    04112019590240000046628                    00000091489071721057  00005     0          
7070001300024B   291489071721057AV JOAO DIAS A                00395               Centro         TESTE DE ENDER      95345000RS                                                                                                  0      00000000
7070001300025A00000023702635 000000001257 2           TESTE DE FORNECEDOR0000000000Pkj8vlNLko04112019REA000000000000000000000000001500                    04112019131920000046628                    00000091489071721057  00005     0          
7070001300026B   291489071721057                              00000                                                  00000000                                                                                                    0      62232889
7070001300027A00000023702635 000000001257 2           TESTE DE FORNECEDOR00000000007CTj571kvy04112019REA000000000000000000000000001500                    04112019402360000046628                    00000091489071721057  00005     0          
7070001300028B   291489071721057AV JOAO DIAS A                00395               Centro         TESTE DE ENDER      95345000RS                                                                                                  0      00000000
7070001300029A00000023702635 000000001257 2           TESTE DE FORNECEDOR0000000000bmjDxmNCiO04112019REA000000000000000000000000001500                    04112019525140000046628                    00000091489071721057  00005     0          
7070001300030B   291489071721057AV JOAO DIAS A                00395               Centro         TESTE DE ENDER      95345000RS                                                                                                  0      00000000
7070001300031A00000023702635 000000001257 2           TESTE DE FORNECEDOR0000000000rbgODDl71z04112019REA000000000000000000000000001500                    04112019554610000046628                    00000091489071721057  00005     0          
7070001300032B   291489071721057AV JOAO DIAS A                00999               Centro         TESTE DE ENDER      95345000RS                                                                                                  0      00000000
7070001300033A00000023702635 000000001257 2           TESTE DE FORNECEDOR0000000000r5ljCILVZ204112019REA000000000000000000000000001500                    04112019473000000046628                    00000091489071721057  00005     0          
7070001300034B   291489071721057AV JOAO DIAS A                00999               Centro         TESTE DE ENDER      95345000RS                                                                                                  0      00000000
7070001300035A00000023702635 000000001257 2           TESTE DE FORNECEDOR0000000000hBApwWbPO204112019REA000000000000000000000000001500                    04112019697550000046628                    00000091489071721057  00005     0          
7070001300036B   291489071721057AV JOAO DIAS A                00999               Centro         TESTE DE ENDER      95345000RS                                                                                                  0      00000000
7070001300037A00000023702635 000000001257 2           TESTE DE FORNECEDOR0000000000iXklUZhoPy04112019REA000000000000000000000000001500                    04112019009930000046628                    00000091489071721057  00005     0          
7070001300038B   291489071721057AV JOAO DIAS A                00999               Centro         TESTE DE ENDER      95345000RS                                                                                                  0      00000000
7070001300039A00000023702635 000000001257 2           TESTE DE FORNECEDOR00000000004nD3KcUB6Z04112019REA000000000000000000000000001500                    04112019651120000046628                    00000091489071721057  00005     0          
7070001300040B   291489071721057AV JOAO DIAS A                00999               Centro         TESTE DE ENDER      95345000RS                                                                                                  0      00000000
70700015         000042000000000000030000000000000000000000                                                                                                                                                                                     
70799999         000001000044                                                                                                                                                                                                                   
