70700000      010210640319000135                    00001 000001111111 6CLIENTE TESTE IMPORTACAO VAN  BANCO DAYCOVAL                          22910201919340900000000000000                                                                     
70700011C2041010 210640319000135                    00001 000001111111 6CLIENTE TESTE IMPORTACAO VAN                                          Rua Tteste                    001010 Andar        Sao Paulo           01001000SP                  
7070001300001A00000023702635 000000001257 2           TESTE DE FORNECEDOR0000000000yTyNMSSpeM04112019REA000000000000000000000000001500                    04112019679220000046628                    00000022489424444400  00005     0          
7070001300002B   222489424444400AV JOAO DIAS A                00395               Centro         TESTE DE ENDER      95345000RS                                                                                                  0      00000000
7070001300003A00000023702635 000000001257 2           TESTE DE FORNECEDOR0000000000ej9UOKNuDB04112019REA000000000000000000000000001500                    04112019338600000046628                    00000022489424444400  00005     0          
7070001300004B   222489424444400AV JOAO DIAS A                00395               Centro         TESTE DE ENDER      95345000RS                                                                                                  0      00000000
7070001300005A00000023702635 000000001257 2           TESTE DE FORNECEDOR0000000000o2z5ieGxdO04112019REA000000000000000000000000001500                    04112019654680000046628                    00000022489424444400  00005     0          
7070001300006B   222489424444400AV JOAO DIAS A                00395               Centro         TESTE DE ENDER      95345000RS                                                                                                  0      00000000
7070001300007A00000023702635 000000001257 2           TESTE DE FORNECEDOR0000000000p4smNhwz1o04112019REA000000000000000000000000001500                    04112019594500000046628                    00000022489424444400  00005     0          
7070001300008B   222489424444400AV JOAO DIAS A                00395               Centro         TESTE DE ENDER      95345000RS                                                                                                  0      00000000
7070001300009A00000023702635 000000001257 2           TESTE DE FORNECEDOR0000000000Af2D26E0Gq04112019REA000000000000000000000000001500                    04112019745630000046628                    00000022489424444400  00005     0          
7070001300010B   222489424444400AV JOAO DIAS A                00395               Centro         TESTE DE ENDER      95345000RS                                                                                                  0      00000000
7070001300011A00000023702635 000000001257 2           TESTE DE FORNECEDOR00000000001OnLsyJ9xI04112019REA000000000000000000000000001500                    04112019177600000046628                    00000022489424444400  00005     0          
7070001300012B   222489424444400AV JOAO DIAS A                00395               Centro         TESTE DE ENDER      95345000RS                                                                                                  0      00000000
7070001300013A00000023702635 000000001257 2           TESTE DE FORNECEDOR0000000000wNYT1RoR9Z04112019REA000000000000000000000000001500                    04112019486350000046628                    00000022489424444400  00005     0          
7070001300014B   222489424444400AV JOAO DIAS A                00395               Centro         TESTE DE ENDER      95345000RS                                                                                                  0      00000000
7070001300015A00000023702635 000000001257 2           TESTE DE FORNECEDOR0000000000srpyr7Tcer04112019REA000000000000000000000000001500                    04112019094850000046628                    00000022489424444400  00005     0          
7070001300016B   222489424444400AV JOAO DIAS A                00395               Centro         TESTE DE ENDER      95345000RS                                                                                                  0      00000000
7070001300017A00000023702635 000000001257 2           TESTE DE FORNECEDOR0000000000s7B3tPTVMT04112019REA000000000000000000000000001500                    04112019653040000046628                    00000022489424444400  00005     0          
7070001300018B   222489424444400AV JOAO DIAS A                00395               Centro         TESTE DE ENDER      95345000RS                                                                                                  0      00000000
7070001300019A00000023702635 000000001257 2           TESTE DE FORNECEDOR0000000000yTiK5UUFb004112019REA000000000000000000000000001500                    04112019352130000046628                    00000022489424444400  00005     0          
7070001300020B   222489424444400AV JOAO DIAS A                00395               Centro         TESTE DE ENDER      95345000RS                                                                                                  0      00000000
7070001300021A00000023702635 000000001257 2           TESTE DE FORNECEDOR0000000000behZeY3R9W04112019REA000000000000000000000000001500                    04112019993620000046628                    00000022489424444400  00005     0          
7070001300022B   222489424444400AV JOAO DIAS A                00395               Centro         TESTE DE ENDER      95345000RS                                                                                                  0      00000000
7070001300023A00000023702635 000000001257 2           TESTE DE FORNECEDOR0000000000dfWRHe3v9N04112019REA000000000000000000000000001500                    04112019590240000046628                    00000022489424444400  00005     0          
7070001300024B   222489424444400AV JOAO DIAS A                00395               Centro         TESTE DE ENDER      95345000RS                                                                                                  0      00000000
7070001300025A00000023702635 000000001257 2           TESTE DE FORNECEDOR0000000000nR5bSMRAOM04112019REA000000000000000000000000001500                    04112019131920000046628                    00000022489424444400  00005     0          
7070001300026B   222489424444400                              00000                                                  00000000                                                                                                    0      62232889
7070001300027A00000023702635 000000001257 2           TESTE DE FORNECEDOR0000000000kt5C1zaZtN04112019REA000000000000000000000000001500                    04112019402360000046628                    00000022489424444400  00005     0          
7070001300028B   222489424444400AV JOAO DIAS A                00395               Centro         TESTE DE ENDER      95345000RS                                                                                                  0      00000000
7070001300029A00000023702635 000000001257 2           TESTE DE FORNECEDOR0000000000oij31eBXPY04112019REA000000000000000000000000001500                    04112019525140000046628                    00000022489424444400  00005     0          
7070001300030B   222489424444400AV JOAO DIAS A                00395               Centro         TESTE DE ENDER      95345000RS                                                                                                  0      00000000
7070001300031A00000023702635 000000001257 2           TESTE DE FORNECEDOR0000000000F2SdbEyqt204112019REA000000000000000000000000001500                    04112019554610000046628                    00000022489424444400  00005     0          
7070001300032B   222489424444400AV JOAO DIAS A                00999               Centro         TESTE DE ENDER      95345000RS                                                                                                  0      00000000
7070001300033A00000023702635 000000001257 2           TESTE DE FORNECEDOR0000000000pav9900oPZ04112019REA000000000000000000000000001500                    04112019473000000046628                    00000022489424444400  00005     0          
7070001300034B   222489424444400AV JOAO DIAS A                00999               Centro         TESTE DE ENDER      95345000RS                                                                                                  0      00000000
7070001300035A00000023702635 000000001257 2           TESTE DE FORNECEDOR0000000000wemU7v5Zit04112019REA000000000000000000000000001500                    04112019697550000046628                    00000022489424444400  00005     0          
7070001300036B   222489424444400AV JOAO DIAS A                00999               Centro         TESTE DE ENDER      95345000RS                                                                                                  0      00000000
7070001300037A00000023702635 000000001257 2           TESTE DE FORNECEDOR0000000000Tzga8dy0XO04112019REA000000000000000000000000001500                    04112019009930000046628                    00000022489424444400  00005     0          
7070001300038B   222489424444400AV JOAO DIAS A                00999               Centro         TESTE DE ENDER      95345000RS                                                                                                  0      00000000
7070001300039A00000023702635 000000001257 2           TESTE DE FORNECEDOR0000000000lMuzOYMT2r04112019REA000000000000000000000000001500                    04112019651120000046628                    00000022489424444400  00005     0          
7070001300040B   222489424444400AV JOAO DIAS A                00999               Centro         TESTE DE ENDER      95345000RS                                                                                                  0      00000000
70700015         000042000000000000030000000000000000000000                                                                                                                                                                                     
70799999         000001000044                                                                                                                                                                                                                   
