70700000      010210640319000135                    00001 000001111111 6CLIENTE TESTE IMPORTACAO VAN  BANCO DAYCOVAL                          22910201919340900000000000000                                                                     
70700011C2041010 210640319000135                    00001 000001111111 6CLIENTE TESTE IMPORTACAO VAN                                          Rua Tteste                    001010 Andar        Sao Paulo           01001000SP                  
7070001300001A00000023702635 000000001257 2           TESTE DE FORNECEDOR0000000000dTQi5uSrAh04112019REA000000000000000000000000001500                    04112019679220000046628                    00000092557353157004  00005     0          
7070001300002B   292557353157004AV JOAO DIAS A                00395               Centro         TESTE DE ENDER      95345000RS                                                                                                  0      00000000
7070001300003A00000023702635 000000001257 2           TESTE DE FORNECEDOR0000000000YNowuEtFp204112019REA000000000000000000000000001500                    04112019338600000046628                    00000092557353157004  00005     0          
7070001300004B   292557353157004AV JOAO DIAS A                00395               Centro         TESTE DE ENDER      95345000RS                                                                                                  0      00000000
7070001300005A00000023702635 000000001257 2           TESTE DE FORNECEDOR0000000000juZ7uztrjE04112019REA000000000000000000000000001500                    04112019654680000046628                    00000092557353157004  00005     0          
7070001300006B   292557353157004AV JOAO DIAS A                00395               Centro         TESTE DE ENDER      95345000RS                                                                                                  0      00000000
7070001300007A00000023702635 000000001257 2           TESTE DE FORNECEDOR00000000002M7XbJnqYn04112019REA000000000000000000000000001500                    04112019594500000046628                    00000092557353157004  00005     0          
7070001300008B   292557353157004AV JOAO DIAS A                00395               Centro         TESTE DE ENDER      95345000RS                                                                                                  0      00000000
7070001300009A00000023702635 000000001257 2           TESTE DE FORNECEDOR0000000000ms8KISDzkB04112019REA000000000000000000000000001500                    04112019745630000046628                    00000092557353157004  00005     0          
7070001300010B   292557353157004AV JOAO DIAS A                00395               Centro         TESTE DE ENDER      95345000RS                                                                                                  0      00000000
7070001300011A00000023702635 000000001257 2           TESTE DE FORNECEDOR0000000000SGLgrLD0GI04112019REA000000000000000000000000001500                    04112019177600000046628                    00000092557353157004  00005     0          
7070001300012B   292557353157004AV JOAO DIAS A                00395               Centro         TESTE DE ENDER      95345000RS                                                                                                  0      00000000
7070001300013A00000023702635 000000001257 2           TESTE DE FORNECEDOR0000000000lJInCYvhqj04112019REA000000000000000000000000001500                    04112019486350000046628                    00000092557353157004  00005     0          
7070001300014B   292557353157004AV JOAO DIAS A                00395               Centro         TESTE DE ENDER      95345000RS                                                                                                  0      00000000
7070001300015A00000023702635 000000001257 2           TESTE DE FORNECEDOR0000000000xNgSzTO97Q04112019REA000000000000000000000000001500                    04112019094850000046628                    00000092557353157004  00005     0          
7070001300016B   292557353157004AV JOAO DIAS A                00395               Centro         TESTE DE ENDER      95345000RS                                                                                                  0      00000000
7070001300017A00000023702635 000000001257 2           TESTE DE FORNECEDOR0000000000ODPhGGMwQR04112019REA000000000000000000000000001500                    04112019653040000046628                    00000092557353157004  00005     0          
7070001300018B   292557353157004AV JOAO DIAS A                00395               Centro         TESTE DE ENDER      95345000RS                                                                                                  0      00000000
7070001300019A00000023702635 000000001257 2           TESTE DE FORNECEDOR0000000000VXiNvHqScM04112019REA000000000000000000000000001500                    04112019352130000046628                    00000092557353157004  00005     0          
7070001300020B   292557353157004AV JOAO DIAS A                00395               Centro         TESTE DE ENDER      95345000RS                                                                                                  0      00000000
7070001300021A00000023702635 000000001257 2           TESTE DE FORNECEDOR0000000000RotUowoqep04112019REA000000000000000000000000001500                    04112019993620000046628                    00000092557353157004  00005     0          
7070001300022B   292557353157004AV JOAO DIAS A                00395               Centro         TESTE DE ENDER      95345000RS                                                                                                  0      00000000
7070001300023A00000023702635 000000001257 2           TESTE DE FORNECEDOR0000000000ufSnbbMBPl04112019REA000000000000000000000000001500                    04112019590240000046628                    00000092557353157004  00005     0          
7070001300024B   292557353157004AV JOAO DIAS A                00395               Centro         TESTE DE ENDER      95345000RS                                                                                                  0      00000000
7070001300025A00000023702635 000000001257 2           TESTE DE FORNECEDOR0000000000M7JPgqUFPC04112019REA000000000000000000000000001500                    04112019131920000046628                    00000092557353157004  00005     0          
7070001300026B   292557353157004                              00000                                                  00000000                                                                                                    0      62232889
7070001300027A00000023702635 000000001257 2           TESTE DE FORNECEDOR00000000003Hz9nUhGvr04112019REA000000000000000000000000001500                    04112019402360000046628                    00000092557353157004  00005     0          
7070001300028B   292557353157004AV JOAO DIAS A                00395               Centro         TESTE DE ENDER      95345000RS                                                                                                  0      00000000
7070001300029A00000023702635 000000001257 2           TESTE DE FORNECEDOR0000000000bSKjujaR5o04112019REA000000000000000000000000001500                    04112019525140000046628                    00000092557353157004  00005     0          
7070001300030B   292557353157004AV JOAO DIAS A                00395               Centro         TESTE DE ENDER      95345000RS                                                                                                  0      00000000
7070001300031A00000023702635 000000001257 2           TESTE DE FORNECEDOR00000000005wSjhQCTOy04112019REA000000000000000000000000001500                    04112019554610000046628                    00000092557353157004  00005     0          
7070001300032B   292557353157004AV JOAO DIAS A                00999               Centro         TESTE DE ENDER      95345000RS                                                                                                  0      00000000
7070001300033A00000023702635 000000001257 2           TESTE DE FORNECEDOR00000000004N8cDnZm3Y04112019REA000000000000000000000000001500                    04112019473000000046628                    00000092557353157004  00005     0          
7070001300034B   292557353157004AV JOAO DIAS A                00999               Centro         TESTE DE ENDER      95345000RS                                                                                                  0      00000000
7070001300035A00000023702635 000000001257 2           TESTE DE FORNECEDOR0000000000W1jdByoe7F04112019REA000000000000000000000000001500                    04112019697550000046628                    00000092557353157004  00005     0          
7070001300036B   292557353157004AV JOAO DIAS A                00999               Centro         TESTE DE ENDER      95345000RS                                                                                                  0      00000000
7070001300037A00000023702635 000000001257 2           TESTE DE FORNECEDOR0000000000TzCjMBCtKb04112019REA000000000000000000000000001500                    04112019009930000046628                    00000092557353157004  00005     0          
7070001300038B   292557353157004AV JOAO DIAS A                00999               Centro         TESTE DE ENDER      95345000RS                                                                                                  0      00000000
7070001300039A00000023702635 000000001257 2           TESTE DE FORNECEDOR0000000000LjPPwS2Y2Q04112019REA000000000000000000000000001500                    04112019651120000046628                    00000092557353157004  00005     0          
7070001300040B   292557353157004AV JOAO DIAS A                00999               Centro         TESTE DE ENDER      95345000RS                                                                                                  0      00000000
70700015         000042000000000000030000000000000000000000                                                                                                                                                                                     
70799999         000001000044                                                                                                                                                                                                                   
