70700000      010210640319000135                    00001 000001111111 6CLIENTE TESTE IMPORTACAO VAN  BANCO DAYCOVAL                          22910201919340900000000000000                                                                     
70700011C2041010 210640319000135                    00001 000001111111 6CLIENTE TESTE IMPORTACAO VAN                                          Rua Tteste                    001010 Andar        Sao Paulo           01001000SP                  
7070001300001A00000023702635 000000001257 2           TESTE DE FORNECEDOR0000000000TJLBGZhnBV04112019REA000000000000000000000000001500                    04112019679220000046628                    00000093817780975491  00005     0          
7070001300002B   284779165814869AV JOAO DIAS A                00395               Centro         TESTE DE ENDER      95345000RS                                                                                                  0      00000000
7070001300003A00000023702635 000000001257 2           TESTE DE FORNECEDOR0000000000l8TXYm8KST04112019REA000000000000000000000000001500                    04112019338600000046628                    00000088472692062656  00005     0          
7070001300004B   223987755134670AV JOAO DIAS A                00395               Centro         TESTE DE ENDER      95345000RS                                                                                                  0      00000000
7070001300005A00000023702635 000000001257 2           TESTE DE FORNECEDOR00000000003RqVrFD59o04112019REA000000000000000000000000001500                    04112019654680000046628                    00000082114828518401  00005     0          
7070001300006B   298198168679266AV JOAO DIAS A                00395               Centro         TESTE DE ENDER      95345000RS                                                                                                  0      00000000
7070001300007A00000023702635 000000001257 2           TESTE DE FORNECEDOR0000000000dmV2iraAnO04112019REA000000000000000000000000001500                    04112019594500000046628                    00000094082245667412  00005     0          
7070001300008B   264287123268610AV JOAO DIAS A                00395               Centro         TESTE DE ENDER      95345000RS                                                                                                  0      00000000
7070001300009A00000023702635 000000001257 2           TESTE DE FORNECEDOR0000000000pfBJixk6Ck04112019REA000000000000000000000000001500                    04112019745630000046628                    00000021340845306440  00005     0          
7070001300010B   276521719978903AV JOAO DIAS A                00395               Centro         TESTE DE ENDER      95345000RS                                                                                                  0      00000000
7070001300011A00000023702635 000000001257 2           TESTE DE FORNECEDOR0000000000lCpa5ySX2u04112019REA000000000000000000000000001500                    04112019177600000046628                    00000087256378813580  00005     0          
7070001300012B   291088704767945AV JOAO DIAS A                00395               Centro         TESTE DE ENDER      95345000RS                                                                                                  0      00000000
7070001300013A00000023702635 000000001257 2           TESTE DE FORNECEDOR0000000000b8cSIpkbsl04112019REA000000000000000000000000001500                    04112019486350000046628                    00000070653032917059  00005     0          
7070001300014B   286774040021456AV JOAO DIAS A                00395               Centro         TESTE DE ENDER      95345000RS                                                                                                  0      00000000
7070001300015A00000023702635 000000001257 2           TESTE DE FORNECEDOR0000000000WsLdMSyhDP04112019REA000000000000000000000000001500                    04112019094850000046628                    00000021948179531111  00005     0          
7070001300016B   243409886065775AV JOAO DIAS A                00395               Centro         TESTE DE ENDER      95345000RS                                                                                                  0      00000000
7070001300017A00000023702635 000000001257 2           TESTE DE FORNECEDOR00000000000zZZB2309a04112019REA000000000000000000000000001500                    04112019653040000046628                    00000036251322324215  00005     0          
7070001300018B   233599061367479AV JOAO DIAS A                00395               Centro         TESTE DE ENDER      95345000RS                                                                                                  0      00000000
7070001300019A00000023702635 000000001257 2           TESTE DE FORNECEDOR0000000000gsPnoppGom04112019REA000000000000000000000000001500                    04112019352130000046628                    00000053587581766098  00005     0          
7070001300020B   254730724400304AV JOAO DIAS A                00395               Centro         TESTE DE ENDER      95345000RS                                                                                                  0      00000000
7070001300021A00000023702635 000000001257 2           TESTE DE FORNECEDOR0000000000ghIdloWoyd04112019REA000000000000000000000000001500                    04112019993620000046628                    00000025660466159500  00005     0          
7070001300022B   268900303439244AV JOAO DIAS A                00395               Centro         TESTE DE ENDER      95345000RS                                                                                                  0      00000000
7070001300023A00000023702635 000000001257 2           TESTE DE FORNECEDOR0000000000hfm0y2vGQH04112019REA000000000000000000000000001500                    04112019590240000046628                    00000096112156351351  00005     0          
7070001300024B   295060700098056AV JOAO DIAS A                00395               Centro         TESTE DE ENDER      95345000RS                                                                                                  0      00000000
7070001300025A00000023702635 000000001257 2           TESTE DE FORNECEDOR0000000000tpcgZ1lnbl04112019REA000000000000000000000000001500                    04112019131920000046628                    00000002776541351279  00005     0          
7070001300026B   212854552481225                              00000                                                  00000000                                                                                                    0      62232889
7070001300027A00000023702635 000000001257 2           TESTE DE FORNECEDOR0000000000P5oSzyur4b04112019REA000000000000000000000000001500                    04112019402360000046628                    00000059628821024485  00005     0          
7070001300028B   266689811354555AV JOAO DIAS A                00395               Centro         TESTE DE ENDER      95345000RS                                                                                                  0      00000000
7070001300029A00000023702635 000000001257 2           TESTE DE FORNECEDOR0000000000kBpWzlGcxx04112019REA000000000000000000000000001500                    04112019525140000046628                    00000017974236209357  00005     0          
7070001300030B   269482878066396AV JOAO DIAS A                00395               Centro         TESTE DE ENDER      95345000RS                                                                                                  0      00000000
7070001300031A00000023702635 000000001257 2           TESTE DE FORNECEDOR0000000000Br3d4kvSHL04112019REA000000000000000000000000001500                    04112019554610000046628                    00000050311145224888  00005     0          
7070001300032B   258614193108601AV JOAO DIAS A                00999               Centro         TESTE DE ENDER      95345000RS                                                                                                  0      00000000
7070001300033A00000023702635 000000001257 2           TESTE DE FORNECEDOR0000000000dGqZ38nA7L04112019REA000000000000000000000000001500                    04112019473000000046628                    00000027089717928372  00005     0          
7070001300034B   282660552912432AV JOAO DIAS A                00999               Centro         TESTE DE ENDER      95345000RS                                                                                                  0      00000000
7070001300035A00000023702635 000000001257 2           TESTE DE FORNECEDOR0000000000FKUnSWKGmg04112019REA000000000000000000000000001500                    04112019697550000046628                    00000081557172285817  00005     0          
7070001300036B   254253850223260AV JOAO DIAS A                00999               Centro         TESTE DE ENDER      95345000RS                                                                                                  0      00000000
7070001300037A00000023702635 000000001257 2           TESTE DE FORNECEDOR00000000008DUOCYqEt204112019REA000000000000000000000000001500                    04112019009930000046628                    00000088037529683422  00005     0          
7070001300038B   240842625686009AV JOAO DIAS A                00999               Centro         TESTE DE ENDER      95345000RS                                                                                                  0      00000000
7070001300039A00000023702635 000000001257 2           TESTE DE FORNECEDOR0000000000AOqSQ0yFqc04112019REA000000000000000000000000001500                    04112019651120000046628                    00000069590014460100  00005     0          
7070001300040B   264443473635397AV JOAO DIAS A                00999               Centro         TESTE DE ENDER      95345000RS                                                                                                  0      00000000
70700015         000042000000000000030000000000000000000000                                                                                                                                                                                     
70799999         000001000044                                                                                                                                                                                                                   
