70700000      010210640319000135                    00001 000001111111 6CLIENTE TESTE IMPORTACAO VAN  BANCO DAYCOVAL                          22910201919340900000000000000                                                                     
70700011C2041010 210640319000135                    00001 000001111111 6CLIENTE TESTE IMPORTACAO VAN                                          Rua Tteste                    001010 Andar        Sao Paulo           01001000SP                  
7070001300001A00000023702635 000000001257 2           TESTE DE FORNECEDOR0000000000AJIETo9ai604112019REA000000000000000000000000001500                    04112019679220000046628                    00000056206135600941  00005     0          
7070001300002B   256206135600941AV JOAO DIAS A                00395               Centro         TESTE DE ENDER      95345000RS                                                                                                  0      00000000
7070001300003A00000023702635 000000001257 2           TESTE DE FORNECEDOR0000000000TCeGyNJHu104112019REA000000000000000000000000001500                    04112019338600000046628                    00000056206135600941  00005     0          
7070001300004B   256206135600941AV JOAO DIAS A                00395               Centro         TESTE DE ENDER      95345000RS                                                                                                  0      00000000
7070001300005A00000023702635 000000001257 2           TESTE DE FORNECEDOR0000000000vJMrj1028k04112019REA000000000000000000000000001500                    04112019654680000046628                    00000056206135600941  00005     0          
7070001300006B   256206135600941AV JOAO DIAS A                00395               Centro         TESTE DE ENDER      95345000RS                                                                                                  0      00000000
7070001300007A00000023702635 000000001257 2           TESTE DE FORNECEDOR0000000000eCBe0X5NCI04112019REA000000000000000000000000001500                    04112019594500000046628                    00000056206135600941  00005     0          
7070001300008B   256206135600941AV JOAO DIAS A                00395               Centro         TESTE DE ENDER      95345000RS                                                                                                  0      00000000
7070001300009A00000023702635 000000001257 2           TESTE DE FORNECEDOR0000000000gV2WmFuIhF04112019REA000000000000000000000000001500                    04112019745630000046628                    00000056206135600941  00005     0          
7070001300010B   256206135600941AV JOAO DIAS A                00395               Centro         TESTE DE ENDER      95345000RS                                                                                                  0      00000000
7070001300011A00000023702635 000000001257 2           TESTE DE FORNECEDOR0000000000kvL4KDEVa804112019REA000000000000000000000000001500                    04112019177600000046628                    00000056206135600941  00005     0          
7070001300012B   256206135600941AV JOAO DIAS A                00395               Centro         TESTE DE ENDER      95345000RS                                                                                                  0      00000000
7070001300013A00000023702635 000000001257 2           TESTE DE FORNECEDOR0000000000qn05YEZvU104112019REA000000000000000000000000001500                    04112019486350000046628                    00000056206135600941  00005     0          
7070001300014B   256206135600941AV JOAO DIAS A                00395               Centro         TESTE DE ENDER      95345000RS                                                                                                  0      00000000
7070001300015A00000023702635 000000001257 2           TESTE DE FORNECEDOR0000000000CTBotE5MB404112019REA000000000000000000000000001500                    04112019094850000046628                    00000056206135600941  00005     0          
7070001300016B   256206135600941AV JOAO DIAS A                00395               Centro         TESTE DE ENDER      95345000RS                                                                                                  0      00000000
7070001300017A00000023702635 000000001257 2           TESTE DE FORNECEDOR0000000000deCnMRmkOL04112019REA000000000000000000000000001500                    04112019653040000046628                    00000056206135600941  00005     0          
7070001300018B   256206135600941AV JOAO DIAS A                00395               Centro         TESTE DE ENDER      95345000RS                                                                                                  0      00000000
7070001300019A00000023702635 000000001257 2           TESTE DE FORNECEDOR0000000000QGCtAuup4h04112019REA000000000000000000000000001500                    04112019352130000046628                    00000056206135600941  00005     0          
7070001300020B   256206135600941AV JOAO DIAS A                00395               Centro         TESTE DE ENDER      95345000RS                                                                                                  0      00000000
7070001300021A00000023702635 000000001257 2           TESTE DE FORNECEDOR0000000000RVq6hbWFtM04112019REA000000000000000000000000001500                    04112019993620000046628                    00000056206135600941  00005     0          
7070001300022B   256206135600941AV JOAO DIAS A                00395               Centro         TESTE DE ENDER      95345000RS                                                                                                  0      00000000
7070001300023A00000023702635 000000001257 2           TESTE DE FORNECEDOR0000000000co0kGP78dq04112019REA000000000000000000000000001500                    04112019590240000046628                    00000056206135600941  00005     0          
7070001300024B   256206135600941AV JOAO DIAS A                00395               Centro         TESTE DE ENDER      95345000RS                                                                                                  0      00000000
7070001300025A00000023702635 000000001257 2           TESTE DE FORNECEDOR0000000000XoRuzwQsmk04112019REA000000000000000000000000001500                    04112019131920000046628                    00000056206135600941  00005     0          
7070001300026B   256206135600941                              00000                                                  00000000                                                                                                    0      62232889
7070001300027A00000023702635 000000001257 2           TESTE DE FORNECEDOR0000000000RdgTMxumdO04112019REA000000000000000000000000001500                    04112019402360000046628                    00000056206135600941  00005     0          
7070001300028B   256206135600941AV JOAO DIAS A                00395               Centro         TESTE DE ENDER      95345000RS                                                                                                  0      00000000
7070001300029A00000023702635 000000001257 2           TESTE DE FORNECEDOR00000000003BR68NWrCP04112019REA000000000000000000000000001500                    04112019525140000046628                    00000056206135600941  00005     0          
7070001300030B   256206135600941AV JOAO DIAS A                00395               Centro         TESTE DE ENDER      95345000RS                                                                                                  0      00000000
7070001300031A00000023702635 000000001257 2           TESTE DE FORNECEDOR0000000000k3JXV6Hzh504112019REA000000000000000000000000001500                    04112019554610000046628                    00000056206135600941  00005     0          
7070001300032B   256206135600941AV JOAO DIAS A                00999               Centro         TESTE DE ENDER      95345000RS                                                                                                  0      00000000
7070001300033A00000023702635 000000001257 2           TESTE DE FORNECEDOR0000000000XglNU067cP04112019REA000000000000000000000000001500                    04112019473000000046628                    00000056206135600941  00005     0          
7070001300034B   256206135600941AV JOAO DIAS A                00999               Centro         TESTE DE ENDER      95345000RS                                                                                                  0      00000000
7070001300035A00000023702635 000000001257 2           TESTE DE FORNECEDOR0000000000A8h9ehXKe304112019REA000000000000000000000000001500                    04112019697550000046628                    00000056206135600941  00005     0          
7070001300036B   256206135600941AV JOAO DIAS A                00999               Centro         TESTE DE ENDER      95345000RS                                                                                                  0      00000000
7070001300037A00000023702635 000000001257 2           TESTE DE FORNECEDOR0000000000xPQa5gG3lj04112019REA000000000000000000000000001500                    04112019009930000046628                    00000056206135600941  00005     0          
7070001300038B   256206135600941AV JOAO DIAS A                00999               Centro         TESTE DE ENDER      95345000RS                                                                                                  0      00000000
7070001300039A00000023702635 000000001257 2           TESTE DE FORNECEDOR0000000000X8sCuou1bZ04112019REA000000000000000000000000001500                    04112019651120000046628                    00000056206135600941  00005     0          
7070001300040B   256206135600941AV JOAO DIAS A                00999               Centro         TESTE DE ENDER      95345000RS                                                                                                  0      00000000
70700015         000042000000000000030000000000000000000000                                                                                                                                                                                     
70799999         000001000044                                                                                                                                                                                                                   
