70700000      010210640319000135                    00001 000001111111 6CLIENTE TESTE IMPORTACAO VAN  BANCO DAYCOVAL                          20811201919340900000000000000                                                                     
70700011C2041010 210640319000135                    00001 000001111111 6CLIENTE TESTE IMPORTACAO VAN                                          Rua Tteste                    001010 Andar        Sao Paulo           01001000SP                  
7070001300001A00000023702635 000000001257 2           TESTE DE FORNECEDOR0000000000Em27wwaDQA14112019REA000000000000000000000000001500                    14112019679220000046628                    00000085314390623442  00005     0          
7070001300002B   285314390623442AV JOAO DIAS A                00395               Centro         TESTE DE ENDER      95345000RS                                                                                                  0      00000000
7070001300003A00000023702635 000000001257 2           TESTE DE FORNECEDOR0000000000dVJNg1iMzJ14112019REA000000000000000000000000001500                    14112019338600000046628                    00000085314390623442  00005     0          
7070001300004B   285314390623442AV JOAO DIAS A                00395               Centro         TESTE DE ENDER      95345000RS                                                                                                  0      00000000
7070001300005A00000023702635 000000001257 2           TESTE DE FORNECEDOR0000000000NhsUw6Cbzr14112019REA000000000000000000000000001500                    14112019654680000046628                    00000085314390623442  00005     0          
7070001300006B   285314390623442AV JOAO DIAS A                00395               Centro         TESTE DE ENDER      95345000RS                                                                                                  0      00000000
7070001300007A00000023702635 000000001257 2           TESTE DE FORNECEDOR0000000000sLuj8pLTUK14112019REA000000000000000000000000001500                    14112019594500000046628                    00000085314390623442  00005     0          
7070001300008B   285314390623442AV JOAO DIAS A                00395               Centro         TESTE DE ENDER      95345000RS                                                                                                  0      00000000
7070001300009A00000023702635 000000001257 2           TESTE DE FORNECEDOR0000000000DtCfhX9oBD14112019REA000000000000000000000000001500                    14112019745630000046628                    00000085314390623442  00005     0          
7070001300010B   285314390623442AV JOAO DIAS A                00395               Centro         TESTE DE ENDER      95345000RS                                                                                                  0      00000000
7070001300011A00000023702635 000000001257 2           TESTE DE FORNECEDOR0000000000ZA9irEyAAv14112019REA000000000000000000000000001500                    14112019177600000046628                    00000085314390623442  00005     0          
7070001300012B   285314390623442AV JOAO DIAS A                00395               Centro         TESTE DE ENDER      95345000RS                                                                                                  0      00000000
7070001300013A00000023702635 000000001257 2           TESTE DE FORNECEDOR00000000006oKV5zakdQ14112019REA000000000000000000000000001500                    14112019486350000046628                    00000085314390623442  00005     0          
7070001300014B   285314390623442AV JOAO DIAS A                00395               Centro         TESTE DE ENDER      95345000RS                                                                                                  0      00000000
7070001300015A00000023702635 000000001257 2           TESTE DE FORNECEDOR0000000000Q5pSS5bHSL14112019REA000000000000000000000000001500                    14112019094850000046628                    00000085314390623442  00005     0          
7070001300016B   285314390623442AV JOAO DIAS A                00395               Centro         TESTE DE ENDER      95345000RS                                                                                                  0      00000000
7070001300017A00000023702635 000000001257 2           TESTE DE FORNECEDOR0000000000q6xgjunNL514112019REA000000000000000000000000001500                    14112019653040000046628                    00000085314390623442  00005     0          
7070001300018B   285314390623442AV JOAO DIAS A                00395               Centro         TESTE DE ENDER      95345000RS                                                                                                  0      00000000
7070001300019A00000023702635 000000001257 2           TESTE DE FORNECEDOR0000000000lXggAed4r214112019REA000000000000000000000000001500                    14112019352130000046628                    00000085314390623442  00005     0          
7070001300020B   285314390623442AV JOAO DIAS A                00395               Centro         TESTE DE ENDER      95345000RS                                                                                                  0      00000000
7070001300021A00000023702635 000000001257 2           TESTE DE FORNECEDOR0000000000bXp4RH1QzI14112019REA000000000000000000000000001500                    14112019993620000046628                    00000085314390623442  00005     0          
7070001300022B   285314390623442AV JOAO DIAS A                00395               Centro         TESTE DE ENDER      95345000RS                                                                                                  0      00000000
7070001300023A00000023702635 000000001257 2           TESTE DE FORNECEDOR0000000000uulCW3Cf8K14112019REA000000000000000000000000001500                    14112019590240000046628                    00000085314390623442  00005     0          
7070001300024B   285314390623442AV JOAO DIAS A                00395               Centro         TESTE DE ENDER      95345000RS                                                                                                  0      00000000
7070001300025A00000023702635 000000001257 2           TESTE DE FORNECEDOR00000000009IFpAd4RRD14112019REA000000000000000000000000001500                    14112019131920000046628                    00000085314390623442  00005     0          
7070001300026B   285314390623442                              00000                                                  00000000                                                                                                    0      62232889
7070001300027A00000023702635 000000001257 2           TESTE DE FORNECEDOR00000000002Q1oUns5gK14112019REA000000000000000000000000001500                    14112019402360000046628                    00000085314390623442  00005     0          
7070001300028B   285314390623442AV JOAO DIAS A                00395               Centro         TESTE DE ENDER      95345000RS                                                                                                  0      00000000
7070001300029A00000023702635 000000001257 2           TESTE DE FORNECEDOR0000000000hZcw0CMyWO14112019REA000000000000000000000000001500                    14112019525140000046628                    00000085314390623442  00005     0          
7070001300030B   285314390623442AV JOAO DIAS A                00395               Centro         TESTE DE ENDER      95345000RS                                                                                                  0      00000000
7070001300031A00000023702635 000000001257 2           TESTE DE FORNECEDOR0000000000VnEisr6qiq14112019REA000000000000000000000000001500                    14112019554610000046628                    00000085314390623442  00005     0          
7070001300032B   285314390623442AV JOAO DIAS A                00999               Centro         TESTE DE ENDER      95345000RS                                                                                                  0      00000000
7070001300033A00000023702635 000000001257 2           TESTE DE FORNECEDOR000000000049w24vlXXY14112019REA000000000000000000000000001500                    14112019473000000046628                    00000085314390623442  00005     0          
7070001300034B   285314390623442AV JOAO DIAS A                00999               Centro         TESTE DE ENDER      95345000RS                                                                                                  0      00000000
7070001300035A00000023702635 000000001257 2           TESTE DE FORNECEDOR0000000000B0n3S2nQVr14112019REA000000000000000000000000001500                    14112019697550000046628                    00000085314390623442  00005     0          
7070001300036B   285314390623442AV JOAO DIAS A                00999               Centro         TESTE DE ENDER      95345000RS                                                                                                  0      00000000
7070001300037A00000023702635 000000001257 2           TESTE DE FORNECEDOR0000000000WedTDogFvf14112019REA000000000000000000000000001500                    14112019009930000046628                    00000085314390623442  00005     0          
7070001300038B   285314390623442AV JOAO DIAS A                00999               Centro         TESTE DE ENDER      95345000RS                                                                                                  0      00000000
7070001300039A00000023702635 000000001257 2           TESTE DE FORNECEDOR0000000000WZdGAU6XWz14112019REA000000000000000000000000001500                    14112019651120000046628                    00000085314390623442  00005     0          
7070001300040B   285314390623442AV JOAO DIAS A                00999               Centro         TESTE DE ENDER      95345000RS                                                                                                  0      00000000
70700015         000042000000000000030000000000000000000000                                                                                                                                                                                     
70799999         000001000044                                                                                                                                                                                                                   
