70700000      010210640319000135682403              00001 000000707980 1CLIENTET                      BANCO DAYCOVAL                          110/28/2019 00:00:0008031300000000000000                                                                     
70700011C2041010 210640319000135                    00001 000000707980 1CLIENTET                                                              AV. MARGINAL DIREITA DO TIETE 00500VILA JAGUARA 3 SAO PAULO           05118100SP                  
7070001300001A00000023702635 000000001257 2           TESTE DE FORNECEDOR0000000000xmvaJmzTSS0000111022019REA0000000000000001566                    110220190000000001679220000046628          00000053.349.729/8101-36  00005     0          
7070001300002B   262.427.651/7140-74                              00000                                                  00000000                                                                                                   0      62232889
7070001300003A00000023702635 000000001257 2           TESTE DE FORNECEDOR0000000000KpfAhfdBo50000111022019REA0000000000000001566                    110220190000000005338600000046628          00000035.680.717/3122-64  00005     0          
7070001300004B   294.758.190/2051-20                              00000                                                  00000000                                                                                                   0      62232889
7070001300005A00000023702635 000000001257 2           TESTE DE FORNECEDOR0000000000basCOBSHQQ0000111022019REA0000000000000001566                    110220190000000001654680000046628          00000099.964.660/7982-75  00005     0          
7070001300006B   249.535.329/8931-75                              00000                                                  00000000                                                                                                   0      62232889
7070001300007A00000023702635 000000001257 2           TESTE DE FORNECEDOR0000000000awqbpVBju20000111022019REA0000000000000001566                    110220190000000010594500000046628          00000029.816.560/4987-60  00005     0          
7070001300008B   200.141.332/3751-65                              00000                                                  00000000                                                                                                   0      62232889
7070001300009A00000023702635 000000001257 2           TESTE DE FORNECEDOR0000000000OXMCzI8Swl0000111022019REA0000000000000001566                    110220190000000000745630000046628          00000019.729.160/8599-60  00005     0          
7070001300010B   238.263.861/4006-64                              00000                                                  00000000                                                                                                   0      62232889
7070001300011A00000023702635 000000001257 2           TESTE DE FORNECEDOR0000000000RjA6P7JXzZ0000111022019REA0000000000000001566                    110220190000000001177600000046628          00000099.285.995/4675-89  00005     0          
7070001300012B   260.103.414/2743-83                              00000                                                  00000000                                                                                                   0      62232889
7070001300013A00000023702635 000000001257 2           TESTE DE FORNECEDOR00000000008bUReKbO3X0000111022019REA0000000000000001566                    110220190000000001486350000046628          00000062.798.144/2265-90  00005     0          
7070001300014B   256.398.517/4416-97                              00000                                                  00000000                                                                                                   0      62232889
7070001300015A00000023702635 000000001257 2           TESTE DE FORNECEDOR0000000000o3UCHfFXgh0000111022019REA0000000000000001566                    110220190000000002094850000046628          00000068.053.466/1666-74  00005     0          
7070001300016B   245.028.900/1361-68                              00000                                                  00000000                                                                                                   0      62232889
7070001300017A00000023702635 000000001257 2           TESTE DE FORNECEDOR0000000000FV0zqVauf70000111022019REA0000000000000001566                    110220190000000002653040000046628          00000030.529.321/0279-34  00005     0          
7070001300018B   298.067.902/8733-05                              00000                                                  00000000                                                                                                   0      62232889
7070001300019A00000023702635 000000001257 2           TESTE DE FORNECEDOR0000000000UD1KSj8col0000111022019REA0000000000000001566                    110220190000000002352130000046628          00000046.491.894/3383-66  00005     0          
7070001300020B   244.009.792/8269-93                              00000                                                  00000000                                                                                                   0      62232889
7070001300021A00000023702635 000000001257 2           TESTE DE FORNECEDOR0000000000eIms2EOsVI0000111022019REA0000000000000001566                    110220190000000002993620000046628          00000074.628.561/7797-42  00005     0          
7070001300022B   275.490.843/1551-59                              00000                                                  00000000                                                                                                   0      62232889
7070001300023A00000023702635 000000001257 2           TESTE DE FORNECEDOR00000000006AYPGyGRgY0000111022019REA0000000000000001566                    110220190000000003590240000046628          00000019.790.372/1177-01  00005     0          
7070001300024B   267.924.204/1165-70                              00000                                                  00000000                                                                                                   0      62232889
7070001300025A00000023702635 000000001257 2           TESTE DE FORNECEDOR0000000000EtbeK7kcIB0000111022019REA0000000000000001566                    110220190000000005131920000046628          00000023.921.815/5081-61  00005     0          
7070001300026B   287.371.748/3649-70                              00000                                                  00000000                                                                                                    0      62232889
7070001300027A00000023702635 000000001257 2           TESTE DE FORNECEDOR0000000000fpRz9Lp1zH0000111022019REA0000000000000001566                    110220190000000005402360000046628          00000035.982.954/0403-44  00005     0          
7070001300028B   255.208.271/8881-54                              00000                                                  00000000                                                                                                   0      62232889
7070001300029A00000023702635 000000001257 2           TESTE DE FORNECEDOR0000000000cLchfpD9az0000111022019REA0000000000000001566                    110220190000000006525140000046628          00000057.077.918/0742-73  00005     0          
7070001300030B   222.568.990/4950-79                              00000                                                  00000000                                                                                                   0      62232889
7070001300031A00000023702635 000000001257 2           TESTE DE FORNECEDOR00000000000pJVgmQE2I0000111022019REA0000000000000001566                    110220190000000006554610000046628          00000082.218.345/2673-49  00005     0          
7070001300032B   253.301.159/1850-56                              00000                                                  00000000                                                                                                   0      62232889
7070001300033A00000023702635 000000001257 2           TESTE DE FORNECEDOR0000000000ortrSccaHZ0000111022019REA0000000000000001566                    110220190000000013473000000046628          00000039.862.665/9385-39  00005     0          
7070001300034B   275.879.579/6923-15                              00000                                                  00000000                                                                                                   0      62232889
7070001300035A00000023702635 000000001257 2           TESTE DE FORNECEDOR0000000000nqfmf9a6WU0000111022019REA0000000000000001566                    110220190000000002697550000046628          00000054.791.270/1571-77  00005     0          
7070001300036B   245.568.882/4595-42                              00000                                                  00000000                                                                                                    0      62232889
7070001300037A00000023702635 000000001257 2           TESTE DE FORNECEDOR0000000000Rsbtj1k2dn0000111022019REA0000000000000001566                    110220190000000003309930000046628          00000010.536.324/2110-63  00005     0          
7070001300038B   229.126.936/0931-35                              00000                                                  00000000                                                                                                    0      62232889
7070001300039A00000023702635 000000001257 2           TESTE DE FORNECEDOR0000000000gKBSCdhzfy0000111022019REA000000000000000000000000365112                    110220190000000003651120000046628          00000071.098.354/3386-07  00005     0          
7070001300040B   253.386.463/7472-20                              00000                                                  00000000                                                                                                    0      62232889
70700015         00004267338000000000000000000                                                                                                                                                                                     
70799999         000001000044                                                                                                                                                                                                                   

