70700000      010202905110000128                    00001 000008610896 6GR SERVICOS E ALIMENTACAO LTDABANCO DAYCOVAL                          21709201911540000000000000000                                                                     
70700011C2041010 202905110000128                    00001 000000861089 6GR SERVICOS E ALIMENTACAO LTDA                                        Rua Tutoia                    001196 Andar        Sao Paulo           04007000SP                  
7070001300001A00000034108488 000000035172 0DUTRA SOLUCAO INDUSTRIAL LTDA R5U7MlBWjE          04102019REA000000000000000000000000733040                    04102019000000000733040                    00000009192457000110  00005     0BD        
7070001300002B   209192457000110Rua das Carmelitas            03659Barraca azul   Boqueirao      Curitiba            81730050PR                                                                                                  0      00000000
7070001300003A00000034108488 000000035172 0DUTRA SOLUCAO INDUSTRIAL LTDA XUPP8vAICL          02122019REA000000000000000000000002561504                    02122019000000002561504                    00000009192457000110  00005     0BD        
7070001300004B   209192457000110Rua das Carmelitas            03659Barraca azul   Boqueirao      Curitiba            81730050PR                                                                                                  0      00000000
70700015         000006000000000003294544000000000000000000                                                                                                                                                                                     
70799999         000001000008                                                                                                                                                                                                                   