70700000      010202905110000128                    00001 000008610896 6GR SERVICOS E ALIMENTACAO LTDABANCO DAYCOVAL                          22709201918205700000000000000                                                                     
70700011C2041010 202905110000128                    00001 000000861089 6GR SERVICOS E ALIMENTACAO LTDA                                        Rua Tutoia                    001196 Andar        Sao Paulo           04007000SP                  
7070001300001A00000023703034 000000023911 9WALTER GUIMARAES JUNIOR-ME    Cg12uDgwwP          04112019REA000000000000000000000000160200                    04112019000000000160200                    00000011308109000107  00005     0BD        
7070001300002B   211308109000107Avenida Jose Bonifacio        00792               Jardim FlamboyaCampinas            13091140SP                                                                                                  0      00000000
70700015         000004000000000000001602000000000000000000                                                                                                                                                                                     
70799999         000001000006                                                                                                                                                                                                                   
